<record><leader>00000cas a22000007a 4500</leader><controlfield tag="001">15154885</controlfield><controlfield tag="008">870205d18uu1uuuinudr ne      0    0eng d</controlfield><datafield ind1=" " ind2=" " tag="010"><subfield code="a">sn 87055074 </subfield></datafield><datafield ind1=" " ind2=" " tag="040"><subfield code="a">NPI</subfield><subfield code="b">eng</subfield><subfield code="c">NPI</subfield><subfield code="d">OCL</subfield><subfield code="d">OCLCQ</subfield></datafield><datafield ind1=" " ind2=" " tag="042"><subfield code="a">msc</subfield></datafield><datafield ind1="0" ind2="4" tag="082"><subfield code="a">070</subfield></datafield><datafield ind1="0" ind2="4" tag="245"><subfield code="a">The Marion daily leader.</subfield></datafield><datafield ind1="3" ind2="0" tag="246"><subfield code="a">Sunday morning herald</subfield></datafield><datafield ind1=" " ind2=" " tag="260"><subfield code="a">Marion, Ind. :</subfield><subfield code="b">Wm. J. Houck</subfield></datafield><datafield ind1=" " ind2=" " tag="310"><subfield code="a">Daily</subfield></datafield><datafield ind1=" " ind2=" " tag="500"><subfield code="a">On Sunday published as: Sunday morning herald, Oct. 28, 1894-&lt;Sept. 22, 1895&gt;.</subfield></datafield><datafield ind1=" " ind2=" " tag="580"><subfield code="a">Also published in a weekly ed. called: The Marion leader.</subfield></datafield><datafield ind1=" " ind2=" " tag="588"><subfield code="a">Description based on: Vol. 6, no. 226 (Sept. 1, 1893).</subfield></datafield><datafield ind1=" " ind2=" " tag="752"><subfield code="a">United States</subfield><subfield code="b">Indiana</subfield><subfield code="c">Grant</subfield><subfield code="d">Marion.</subfield></datafield><datafield ind1="1" ind2=" " tag="775"><subfield code="t">Marion leader (Marion, Ind. : Weekly)</subfield><subfield code="w">(DLC)sn 87055117</subfield></datafield><datafield ind1="0" ind2="0" tag="785"><subfield code="t">Marion leader (Marion, Ind. : Daily)</subfield><subfield code="w">(DLC)sn 87055075</subfield></datafield></record>